@article{Brun1997,
title = "ROOT --- An object oriented data analysis framework",
journal = "Nuclear Instruments and Methods in Physics Research Section A: Accelerators, Spectrometers, Detectors and Associated Equipment",
volume = "389",
number = "1",
pages = "81 - 86",
year = "1997",
note = "New Computing Techniques in Physics Research V",
issn = "0168-9002",
doi = "https://doi.org/10.1016/S0168-9002(97)00048-X",
url = "http://www.sciencedirect.com/science/article/pii/S016890029700048X",
author = "Rene Brun and Fons Rademakers"
}

@article{Colvin1987,
  author={G G Colvin and F Hoyler and S J Robinson},
  title={E0 transitions in 106 Pd studied by neutron capture},
  journal={Journal of Physics G: Nuclear Physics},
  volume={13},
  number={2},
  pages={191},
  url={http://stacks.iop.org/0305-4616/13/i=2/a=008},
  year={1987},
  abstract={The reactions 105 Pd(n, gamma ) and 105 Pd(n, e - ) have been used to study E0 transitions in the nucleus 106 Pd. From these results, E0 strengths and X(E0/E2) ratios have been determined. In general, 106 Pd is well described by the IBA-2 model for both excitation energies and electromagnetic transition properties. A detailed comparison of these results with the calculations shows good agreement for transitions between the first five 0 + states.}
}

@misc{detectorSimulations,
author       = {V. Bildstein and
                M. Spencer and
                E.T. Rand and
                J. Turko},
title        = {{GRIFFINCollaboration detectorSimulations v10: 
                 First production release}},
month        = dec,
year         = 2017,
doi          = {10.5281/zenodo.1123461},
url          = {https://doi.org/10.5281/zenodo.1123461}
}

@article{ENSDF106Pd,
  title = {Evaluated nuclear structure data file},
  author = {D. De Frenne, A. Negret},
  journal = {Nuclear Data Sheets},
  volume = {109},
  pages = {943},
  year = {2008},
}



@article{ENSDF110Pd,
  title = {Evaluated nuclear structure data file},
  author = {G. G$\ddot{u}$rdal and F. G. Kondev},
  journal = {Nuclear Data Sheets},
  volume = {113},
  pages = {1315},
  year = {2012},
}

@Article{Farzin1987,
author="Farzin, K.
and Hardenberg, H.
and M{\"o}llmann, H.
and Uebelg{\"u}nn, K.
and Buttlar, H. v.",
title="Conversion coefficients and E0 transitions in102, 104, 106Pd",
journal="Zeitschrift f{\"u}r Physik A Atomic Nuclei",
year="1987",
month="Dec",
day="01",
volume="326",
number="4",
pages="401--405",
abstract="In in-beam (p, p{\textasciiacutex}) experiments, electron and $\gamma$-spectra were measured in the electron energy range of 500-1840 keV for102Pd and104Pd, and 600--1580 keV for106Pd. The conversion coefficients of all transitions in this range were obtained with accuracies of about 20{\%}, in some favourable cases 10{\%}.",
issn="0939-7922",
doi="10.1007/BF01289543",
url="https://doi.org/10.1007/BF01289543"
}

@article{Geant4,
title = "Recent developments in Geant4",
journal = "Nuclear Instruments and Methods in Physics Research Section A: Accelerators, Spectrometers, Detectors and Associated Equipment",
volume = "835",
pages = "186 - 225",
year = "2016",
issn = "0168-9002",
doi = "https://doi.org/10.1016/j.nima.2016.06.125",
url = "http://www.sciencedirect.com/science/article/pii/S0168900216306957",
author = "J. Allison et al",
keywords = "High energy physics, Nuclear physics, Radiation, Simulation, Computing"
}

@misc{GRSIsort,
author       = {V. Bildstein et al},
title        = {{GRIFFINCollaboration detectorSimulations v10: 
                 First production release}},
url          = {https://github.com/GRIFFINCollaboration/GRSISort}
}

@article{KIBEDI2008202,
title = "Evaluation of theoretical conversion coefficients using BrIcc",
journal = "Nuclear Instruments and Methods in Physics Research Section A: Accelerators, Spectrometers, Detectors and Associated Equipment",
volume = "589",
number = "2",
pages = "202 - 229",
year = "2008",
issn = "0168-9002",
doi = "https://doi.org/10.1016/j.nima.2008.02.051",
url = "http://www.sciencedirect.com/science/article/pii/S0168900208002520",
author = "T. Kib\'{e}di and T.W. Burrows and M.B. Trzhaskovskaya and P.M. Davidson and C.W. Nestor",
keywords = "Nuclear structure, Electromagnetic transitions, Internal conversion coefficients, Internal pair production,  electronic factors"
}

@Article{Peters2016,
author="Peters, E. E. et al",
title="E0 transitions in 106Pd: Implications for shape coexistence",
journal="The European Physical Journal A",
year="2016",
month="Apr",
day="20",
volume="52",
number="4",
pages="96",
abstract="Level lifetimes in 106Pd were measured with the Doppler-shift attenuation method following inelastic neutron scattering, and electric monopole transition strengths between low-lying 2+ states were deduced. The large                                                                           {\$} {\backslash}rho^{\{}2{\}}{\$}                (E0) values obtained provide evidence for shape coexistence, extending observation of such structures in the N = 60 isotones. Included in these results is the first determination of the E0 transition strength in the Pd nuclei between levels with K = 2 .",
issn="1434-601X",
doi="10.1140/epja/i2016-16096-y",
url="https://doi.org/10.1140/epja/i2016-16096-y"
}


@article{Henderson2014,
  title = {Upper limit on the two-photon emission branch for the ${0}_{2}^{+}$ $\ensuremath{\rightarrow}$ ${0}_{1}^{+}$ transition in ${}^{98}Mo$},
  author = {Henderson, J. and Jenkins, D. G. and Davies, P. J. and Alcorta, M. and Carpenter, M. P. and Kay, B. P. and Lister, C. J. and Zhu, S.},
  journal = {Phys. Rev. C},
  volume = {89},
  issue = {6},
  pages = {064307},
  numpages = {5},
  year = {2014},
  month = {Jun},
  publisher = {American Physical Society},
  doi = {10.1103/PhysRevC.89.064307},
  url = {https://link.aps.org/doi/10.1103/PhysRevC.89.064307}
}

@book{GregoryText,
  title={Bayesian Logical Data Analysis for the Physical Sciences: A Comparative Approach with Mathematica{\textregistered} Support},
  author={Gregory, P.},
  isbn={9780521841504},
  lccn={2004045930},
  url={https://books.google.ca/books?id=yJ\_5VFo0zGMC},
  year={2005},
  publisher={Cambridge University Press}
}

@book{JamesText,
  title={Statistical Methods in Experimental Physics},
  author={James, F.},
  isbn={9789812567956},
  lccn={75157034},
  url={https://books.google.ca/books?id=QbBm2VhV5TQC},
  year={2006},
  publisher={World Scientific}
}

@article{Duguet2003,
title = "Shape coexistence in 186Pb: beyond-mean-field description by configuration mixing of symmetry restored wave functions",
journal = "Physics Letters B",
volume = "559",
number = "3",
pages = "201 - 206",
year = "2003",
issn = "0370-2693",
doi = "https://doi.org/10.1016/S0370-2693(03)00330-7",
url = "http://www.sciencedirect.com/science/article/pii/S0370269303003307",
author = "T Duguet and M Bender and P Bonche and P. H Heenen"
}

@article{Paschalis2013,
title = "The performance of the Gamma-Ray Energy Tracking In-beam Nuclear Array GRETINA",
journal = "Nuclear Instruments and Methods in Physics Research Section A: Accelerators, Spectrometers, Detectors and Associated Equipment",
volume = "709",
pages = "44 - 55",
year = "2013",
issn = "0168-9002",
doi = "https://doi.org/10.1016/j.nima.2013.01.009",
url = "http://www.sciencedirect.com/science/article/pii/S0168900213000508",
author = "S. Paschalis and I.Y. Lee and A.O. Macchiavelli and C.M. Campbell and M. Cromaz and S. Gros and J. Pavan and J. Qian and R.M. Clark and H.L. Crawford and D. Doering and P. Fallon and C. Lionberger and T. Loew and M. Petri and T. Stezelberger and S. Zimmermann and D.C. Radford and K. Lagergren and D. Weisshaar and R. Winkler and T. Glasmacher and J.T. Anderson and C.W. Beausang",
keywords = "HPGe detectors, Segmented Ge crystals, Ge  energy tracking arrays,  tracking"
}


@article{Lee1990,
title = "The GAMMASPHERE",
journal = "Nuclear Physics A",
volume = "520",
pages = "c641 - c655",
year = "1990",
note = "Nuclear Structure in the Nineties",
issn = "0375-9474",
doi = "https://doi.org/10.1016/0375-9474(90)91181-P",
url = "http://www.sciencedirect.com/science/article/pii/037594749091181P",
author = "I-Yang Lee"
}

@incollection{Svensson2013,
  author       = {C.E. Svensson, A.G. Garnsworthy}, 
  title        = {ISAC and ARIEL: The TRIUMF Radioactive Beam Facilities and the Scientific Program},
  booktitle    = {The GRIFFIN spectrometer},
  publisher    = {Springer},
  year         = 2013,
  pages        = {127-132},
}

@article{Wood2011,
  title = {Shape coexistence in atomic nuclei},
  author = {Heyde, Kris and Wood, John L.},
  journal = {Rev. Mod. Phys.},
  volume = {83},
  issue = {4},
  pages = {1467--1521},
  numpages = {0},
  year = {2011},
  month = {Nov},
  publisher = {American Physical Society},
  doi = {10.1103/RevModPhys.83.1467},
  url = {https://link.aps.org/doi/10.1103/RevModPhys.83.1467}
}


@misc{Radford2016,
author = {D. Radford},
title = {Radware Peak Fitting},
month = {July},
year = {2016},
url = {http://radware.phy.ornl.gov/gf3/1}
}

@article{Ilie2011,
  title = {$E0$ transitions in deformed nuclei},
  author = {Ilie, Gabriela and Casten, Richard F.},
  journal = {Phys. Rev. C},
  volume = {84},
  issue = {6},
  pages = {064320},
  numpages = {6},
  year = {2011},
  month = {Dec},
  publisher = {American Physical Society},
  doi = {10.1103/PhysRevC.84.064320},
  url = {https://link.aps.org/doi/10.1103/PhysRevC.84.064320}
}


@article{Hackman14,
author = {Hackman, G. and Svensson, C. E.},
journal = {Hyperfine Interact.},
number = {1},
pages = {241},
volume = {225},
year = {2014}
}

@book{KraneText,
  title={Introductory Nuclear Physics},
  author={K.S. Krane},
  isbn={9788126517855},
  lccn={87010623},
  url={https://books.google.ca/books?id=mkZjC1TLXh8C},
  year={1998},
  publisher={John Wiley and Sons}
}

@book{AndrewsText,
  title={Special Functions of Mathematics for Engineers.},
  author={L. Andrews},
  isbn={9780819483713},
  year={1992},
  publisher={SPIE Press}
}

@book{CastenText,
  title={Nuclear Structure from a Simple Perspective},
  author={Casten, R.},
  isbn={9780198507246},
  lccn={89023064},
  url={https://books.google.ca/books?id=WgKTQoX13MUC},
  year={2000},
  publisher={Oxford University Press}
}

@misc{EvittsParse,
  author       = {Lee J. Evitts},
  title        = {PENS: Parsing ENSDF},
  month        = mar,
  year         = 2017,
  doi          = {10.5281/zenodo.376872},
  url          = {https://doi.org/10.5281/zenodo.376872}
}

@article{Garrett2001,
  author={P E Garrett},
  title={Characterization of the $\beta$≤ vibration and $0^+_2$ states in deformed nuclei},
  journal={Journal of Physics G: Nuclear and Particle Physics},
  volume={27},
  number={1},
  pages={R1},
  url={http://stacks.iop.org/0954-3899/27/i=1/a=201},
  year={2001}
}

@phdthesis{EvittsThesis,
  author={Evitts,Lee J.},
  year={2017},
  title={Electric Monopole Transition Strengths in the Stable Nickel Isotopes},
  journal={PQDT - Global},
  pages={118},
} 

@phdthesis{SvenssonThesis,
  author={L.E. Svensson},
  year={1989},
  school={University of Uppsala},
  journal={PQDT - Global},
} 

@article{Heyde2011,
  title = {Shape coexistence in atomic nuclei},
  author = {Heyde, K. and Wood, J.},
  journal = {Rev. Mod. Phys.},
  volume = {83},
  issue = {4},
  pages = {1467--1521},
  numpages = {55},
  year = {2011},
  month = {Nov},
  publisher = {American Physical Society},
  doi = {10.1103/RevModPhys.83.1467},
  url = {http://link.aps.org/doi/10.1103/RevModPhys.83.1467}
}

@article{Svensson1995,
title = "Multiphonon vibrational states in 106,108Pd",
journal = "Nuclear Physics A",
volume = "584",
number = "3",
pages = "547 - 572",
year = "1995",
issn = "0375-9474",
doi = "https://doi.org/10.1016/0375-9474(94)00514-N",
url = "http://www.sciencedirect.com/science/article/pii/037594749400514N",
author = "L.E. Svensson and C. Fahlander and L. Hasselgren and A. Bäcklin and L. Westerberg and D. Cline and T. Czosnyka and C.Y. Wu and R.M. Diamond and H. Kluge",
keywords = "Nuclear reactions"
}

@article{Pritychenko2016,
Author = {B. Pritychenko and M. Birch and B. Singh and M. Horoi},
Title = {Tables of $E2$ Transition Probabilities from the first $2^{+}$ States in Even-Even Nuclei},
Year = {2016},
Eprint = {arXiv:1312.5975},
Howpublished = {At. Data Nucl. Data Tables 107, 1 (2016)},
Doi = {10.1016/j.adt.2015.10.001},
}


@article{Kibedi2005,
	author = "T. Kib\'{e}di and R. H. Spear",
    title = "Electric monopole transitions between 0$^+$ states for nuclei throughout the periodic table",
    journal = "Atomic Data and Nuclear Data Tables",
    volume = "89",
    number = "1",
    pages = "77 - 100",
    year = "2005",
    note = "",
    issn = "0092-640X",
    doi = "http://dx.doi.org/10.1016/j.adt.2004.11.002",
    url = "http://www.sciencedirect.com/science/article/pii/S0092640X04000488"
}

@article{Kibedi2018,
	author = "A.B. Garnsworthy, T. Kib\'{e}di and J. Wood",
    title = "Electric monopole transition strengths in atomic nuclei",
    journal = "In preparation for Atomic Data and Nuclear Data Tables",
    year = "2018",
}

@article{Martin08,
author = {Martin, J.-P. and Mercier, C. and Starinski, N. and Pearson, C. J. and Amaudruz, P.-A.},
journal = {IEEE Transactions on nuclear science},
pages = {84},
volume = {55},
year = {2008}
}
@article{Smallcombe2014,
title = "Experimental investigation of the $0^+_2$ band in $^{154}$Sm as a $\beta$≤-vibrational band",
journal = "Physics Letters B",
volume = "732",
pages = "161 - 166",
year = "2014",
issn = "0370-2693",
doi = "https://doi.org/10.1016/j.physletb.2014.03.034",
url = "http://www.sciencedirect.com/science/article/pii/S0370269314001907",
author = "J. Smallcombe and P. J. Davies and C. J. Barton and D. G. Jenkins and L. L. Andersson and P. A. Butler and D. M. Cox and R. -D. Herzberg and A. Mistry and E. Parr and T. Grahn and P. T. Greenlees and K. Hauschild and A. Herzan and U. Jakobsson and P. Jones and R. Julin and S. Juutinen and S. Ketelhut and M. Leino and A. Lopez-Martens and P. Nieminen and J. Pakarinen and P. Papadakis and P. Peura and P. Rahkila and S. Rinta-Antila and P. Ruotsalainen and M. Sandzelius and J. Sar\'{e}n and C. Scholey and J. Sorri and J. Uusitalo",
keywords = "Internal conversion electrons, Gamma ray, Spectroscopy, Electric monopole, Collective models, Rare-earth"
}

@article{Wood1999,
  author = "J. L. Wood and E. F. Zganjar and C. De Coster and K. Heyde",
  title = "Electric monopole transitions from low energy excitations in nuclei",
  journal = "Nuclear Physics A",
  volume = "651",
  pages = "323 - 368",
  year = "1999",
}

@article{Rose1949,
  title = {Internal Pair Formation},
  author = {Rose, M. E.},
  journal = {Phys. Rev.},
  volume = {76},
  issue = {5},
  pages = {678--681},
  numpages = {0},
  year = {1949},
  month = {Sep},
  publisher = {American Physical Society},
  doi = {10.1103/PhysRev.76.678},
  url = {https://link.aps.org/doi/10.1103/PhysRev.76.678}
}


